<?xml version="1.0" encoding="utf-8"?>
<record xmlns="http://www.loc.gov/MARC21/slim" xmlns:xsi="http://www.w3.org/2001/XMLSchema-instance" xsi:schemaLocation="http://www.loc.gov/MARC21/slim http://www.loc.gov/standards/marcxml/schema/MARC21slim.xsd">
	<leader>     nam a22     Mi 4500</leader>
	<controlfield tag="001">4887363</controlfield>
	<controlfield tag="003">NNC</controlfield>
	<controlfield tag="006">m        d        </controlfield>
	<controlfield tag="007">cr cn |||m|||a</controlfield>
	<controlfield tag="008">181206s1881    tu      o     000 0 arard</controlfield>
	<datafield ind1=" " ind2=" " tag="040">
		<subfield code="a">ZYU</subfield>
		<subfield code="b">ara</subfield>
		<subfield code="e">rda</subfield>
		<subfield code="c">ZYU</subfield>
	</datafield>
	<datafield ind1=" " ind2="4" tag="050">
		<subfield code="a">BP184.4.M215</subfield>
		<subfield code="b">H218 1881</subfield>
	</datafield>
	<datafield ind1="1" ind2=" " tag="100">
		<subfield code="6">880-01</subfield>
		<subfield code="a">Kūzalḥiṣārī, Muṣṭafá ibn Muḥammad,</subfield>
		<subfield code="d">-1800 or 1801.</subfield>
	</datafield>
	<datafield ind1="1" ind2="0" tag="245">
		<subfield code="6">880-02</subfield>
		<subfield code="a">Ḥilyat al-nājī ʻalá al-sharḥ al-Ḥalabī /</subfield>
		<subfield code="c">taʼlīf Muṣṭafá ibn Muḥammad ibn Muṣṭafá Judhul al-Ḥiṣārī].</subfield>
	</datafield>
	<datafield ind1=" " ind2=" " tag="260">
		<subfield code="6">880-03</subfield>
		<subfield code="a">Istanbūl :</subfield>
		<subfield code="b">al-Maṭbaʻah al-ʻUthmānīyah,</subfield>
		<subfield code="c">1299 [1881]</subfield>
	</datafield>
	<datafield ind1=" " ind2=" " tag="300">
		<subfield code="a">online resource (562 pages)</subfield>
	</datafield>
	<datafield ind1=" " ind2=" " tag="336">
		<subfield code="a">text</subfield>
		<subfield code="2">rdacontent</subfield>
	</datafield>
	<datafield ind1=" " ind2=" " tag="337">
		<subfield code="a">computer</subfield>
		<subfield code="2">rdamedia</subfield>
	</datafield>
	<datafield ind1=" " ind2=" " tag="338">
		<subfield code="a">online resource</subfield>
		<subfield code="2">rdacarrier</subfield>
	</datafield>
	<datafield ind1=" " ind2=" " tag="500">
		<subfield code="a">Part of the Arabic Collections Online (ACO) project, contributed by Columbia University Libraries.</subfield>
	</datafield>
	<datafield ind1=" " ind2=" " tag="520">
		<subfield code="a">A commentary on Ibrāhīm al-Ḥalabī's commentary on al-Kashgharī's Munyat al-muṣallī.</subfield>
	</datafield>
	<datafield ind1=" " ind2=" " tag="533">
		<subfield code="a">Electronic reproduction.</subfield>
		<subfield code="b">New York, N.Y. :</subfield>
		<subfield code="c">New York University,</subfield>
		<subfield code="d">2018.</subfield>
		<subfield code="5">NNU</subfield>
	</datafield>
	<datafield ind1="1" ind2="0" tag="600">
		<subfield code="6">880-04</subfield>
		<subfield code="a">Kashgharī, Sadīd al-Dīn,</subfield>
		<subfield code="d">active 13th century?</subfield>
		<subfield code="t">Munyat al-muṣallī wa-ghunyat al-mubtadiʼ.</subfield>
	</datafield>
	<datafield ind1="1" ind2="0" tag="600">
		<subfield code="6">880-05</subfield>
		<subfield code="a">Ḥalabī, Ibrāhīm ibn Muṣṭafá,</subfield>
		<subfield code="d">-1776.</subfield>
		<subfield code="t">Sharḥ al-Ḥalabī.</subfield>
	</datafield>
	<datafield ind1="0" ind2="7" tag="630">
		<subfield code="a">Munyat al-muṣallī wa-ghunyat al-mubtadiʼ (Kashgharī, Sadīd al-Dīn)</subfield>
		<subfield code="2">fast</subfield>
		<subfield code="0">(OCoLC)fst01369619</subfield>
	</datafield>
	<datafield ind1=" " ind2="0" tag="650">
		<subfield code="a">Prayer</subfield>
		<subfield code="x">Islam.</subfield>
	</datafield>
	<datafield ind1=" " ind2="7" tag="650">
		<subfield code="a">Prayer</subfield>
		<subfield code="x">Islam.</subfield>
		<subfield code="2">fast</subfield>
		<subfield code="0">(OCoLC)fst01074698</subfield>
	</datafield>
	<datafield ind1="2" ind2=" " tag="710">
		<subfield code="a">Columbia University.</subfield>
		<subfield code="b">Libraries.</subfield>
	</datafield>
	<datafield ind1="0" ind2=" " tag="730">
		<subfield code="a">Arabic Collections Online.</subfield>
	</datafield>
	<datafield ind1="0" ind2="8" tag="776">
		<subfield code="i">Online version:</subfield>
		<subfield code="a">Kūzalḥiṣārī, Muṣṭafá ibn Muḥammad, -1800 or 1801.</subfield>
		<subfield code="t">Ḥilyat al-nājī [ʻalá al-sharḥ al-Ḥalabī.</subfield>
		<subfield code="d">Istanbūl : al-Maṭbaʻah al-ʻUthmānīyah, 1299 [1881]</subfield>
		<subfield code="w">(OCoLC)798081963</subfield>
	</datafield>
	<datafield ind1="0" ind2="8" tag="776">
		<subfield code="i">Print version:</subfield>
		<subfield code="a">Kūzalḥiṣārī, Muṣṭafá ibn Muḥammad, -1800 or 1801.</subfield>
		<subfield code="t">Ḥilyat al-nājī ʻalá al-sharḥ al-Ḥalabī</subfield>
		<subfield code="w">(NNC)4887363</subfield>
		<subfield code="w">(OCoLC)43848378</subfield>
	</datafield>
	<datafield ind1="4" ind2="0" tag="856">
		<subfield code="u">http://hdl.handle.net/2333.1/280gbcvk</subfield>
	</datafield>
	<datafield ind1="1" ind2=" " tag="880">
		<subfield code="6">100-01</subfield>
		<subfield code="a">كوزلحصاري، مصطفى بن محمد،</subfield>
		<subfield code="d">-1800 or 1801.</subfield>
	</datafield>
	<datafield ind1="1" ind2="0" tag="880">
		<subfield code="6">245-02</subfield>
		<subfield code="a">حلية الناجي على الشرح الحلبي /</subfield>
		<subfield code="c">تأليف مصطفى بن محمد بن مصطفى جذل الحصاري].</subfield>
	</datafield>
	<datafield ind1=" " ind2=" " tag="880">
		<subfield code="6">260-03</subfield>
		<subfield code="a">استنبول :</subfield>
		<subfield code="b">المطبعة العثمانية،</subfield>
		<subfield code="c">1299 [1881]</subfield>
	</datafield>
	<datafield ind1="1" ind2="4" tag="880">
		<subfield code="6">600-04</subfield>
		<subfield code="a">كشغري، سديد الدين،</subfield>
		<subfield code="d">active 13th century?</subfield>
		<subfield code="t">منية المصلي وغنية المبتدئ.</subfield>
	</datafield>
	<datafield ind1="1" ind2="4" tag="880">
		<subfield code="6">600-05</subfield>
		<subfield code="a">حلبي، ابراهيم بن مصطفى،</subfield>
		<subfield code="d">-1776.</subfield>
		<subfield code="t">شرح الحلبي.</subfield>
	</datafield>
	<datafield ind1=" " ind2=" " tag="959">
		<subfield code="a">NNU</subfield>
		<subfield code="b">WEB</subfield>
		<subfield code="c">GENI</subfield>
		<subfield code="t">0</subfield>
		<subfield code="m">Electronic access</subfield>
		<subfield code="s">01</subfield>
	</datafield>
	<datafield ind1=" " ind2=" " tag="999">
		<subfield code="i">NNC_4887363</subfield>
		<subfield code="o">(OCoLC)ocm43848378</subfield>
		<subfield code="s">columbia_aco003306</subfield>
		<subfield code="e">(ERROR-880)</subfield>
		<subfield code="s">columbia_aco003306</subfield>
	</datafield>
</record>
